%% This BibTeX bibliography file was created using BibDesk.
%% https://bibdesk.sourceforge.io/

%% Created for Vincenzo Politelli at 2025-04-14 16:48:12 +0100 


%% Saved with string encoding Unicode (UTF-8) 



@article{rus,
	author = {Kostochka, Alexandr V},
	date-added = {2025-04-14 16:48:01 +0100},
	date-modified = {2025-04-14 16:48:12 +0100},
	journal = {Trudy Inst. Mat.(Novosibirsk)},
	number = {Modeli i Metody Optim.},
	pages = {204--226},
	title = {Upper bounds on the chromatic number of graphs},
	volume = {10},
	year = {1988}}
