@misc{kchord_ori,
      title={Chi-boundedness of graphs containing no cycles with $k$ chords}, 
      author={Joonkyung Lee and Shoham Letzter and Alexey Pokrovskiy},
      year={2022},
      eprint={2208.14860},
      archivePrefix={arXiv},
      primaryClass={math.CO},
      url={https://arxiv.org/abs/2208.14860}, 
}
